<?xml version="1.0" encoding="UTF-8"?><collection xmlns="http://www.loc.gov/MARC21/slim"><record><leader>00443nam--2200169-u-4500</leader><controlfield tag="001">000051952</controlfield><controlfield tag="002">20161230</controlfield><controlfield tag="005">20161230201049</controlfield><controlfield tag="008">090511s1000------------r-----000-0-eng-d</controlfield><datafield ind1=" " ind2=" " tag="040"><subfield code="a">IFIN-HH</subfield></datafield><datafield ind1=" " ind2=" " tag="080"><subfield code="a">519.6</subfield></datafield><datafield ind1="1" ind2=" " tag="100"><subfield code="a">Samoilenko,A.M. si Ronto,N.I</subfield></datafield><datafield ind1="1" ind2="0" tag="245"><subfield code="a">Chislenn-Analiticheskie Metody Issledovaniya Reshenii Kraevykh Zadach</subfield></datafield><datafield ind1=" " ind2=" " tag="260"><subfield code="a">Kjiev</subfield><subfield code="c">1986</subfield></datafield><datafield ind1=" " ind2=" " tag="300"><subfield code="a">224 p</subfield></datafield><datafield ind1=" " ind2=" " tag="852"><subfield code="a">74539</subfield><subfield code="c">517.9</subfield></datafield><datafield ind1=" " ind2=" " tag="CAT"><subfield code="a">Sys</subfield><subfield code="c">20090511</subfield><subfield code="h">101152</subfield></datafield></record></collection>